@misc{
        nuyts-dtt,
        author = {Andreas Nuyts},
        title = {Dependent Type Theory},
        url = {https://github.com/anuyts/teaching-tt},
        howpublished = {lecture notes},
}
